@article{rao.coproc,
  author = "Rao RPN",
  title = "Towards Neural Co-Processors for the Brain: Combining Decoding and Encoding in Brain-Computer Interfaces",
  journal = "Current Opinion in Neurobiology",
  volume = 55,
  pages = {142-151},
  year = 2019
}

@ARTICLE{bernal.sim,
  AUTHOR={Dura-Bernal, S and Li, K and Neymotin, SA and Francis, JT and Principe, JC and Lytton, WW},
  TITLE={Restoring Behavior via Inverse Neurocontroller in a Lesioned Cortical Spiking Model Driving a Virtual Arm},
  JOURNAL={Frontiers in Neuroscience},
  VOLUME={10},
  PAGES={28},
  YEAR={2016},
  URL={https://www.frontiersin.org/article/10.3389/fnins.2016.00028},
  DOI={10.3389/fnins.2016.00028},
  ISSN={1662-453X}
}

@article{walker.inception,
  author={Walker, EY et al.},
  year={2019},
  title={Inception loops discover what excites neurons most using deep predictive models},
  journal={Nature Neuroscience},
  pages={2060-2065},
  volume={22},
  issue={12},
  url={https://doi.org/10.1038/s41593-019-0517-x}
}

@article {kahana.biomarker,
	author = {Kahana, Michael J et al.},
	title = {Biomarker-guided neuromodulation aids memory in traumatic brain injury},
	year = {2021},
	doi = {10.1101/2021.05.18.21256980},
	publisher = {Cold Spring Harbor Laboratory Press},
	URL = {https://www.medrxiv.org/content/early/2021/05/22/2021.05.18.21256980},
	eprint = {https://www.medrxiv.org/content/early/2021/05/22/2021.05.18.21256980.full.pdf},
	journal = {medRxiv}
}

@article{tafazoli.acls,
	doi = {10.1088/1741-2552/abb860},
	url = {https://doi.org/10.1088/1741-2552/abb860},
	year = 2020,
	month = {oct},
	publisher = {{IOP} Publishing},
	volume = {17},
	number = {5},
	pages = {056007},
	author = {Sina Tafazoli and Camden J MacDowell and Zongda Che and Katherine C Letai and Cynthia R Steinhardt and Timothy J Buschman},
	title = {Learning to control the brain through adaptive closed-loop patterned stimulation},
	journal = {Journal of Neural Engineering},
}

@article {michaels.mrnn,
	author = {Michaels, Jonathan A and Schaffelhofer, S and Agudelo-Toro, A and Scherberger, H},
	title = {A goal-driven modular neural network predicts parietofrontal neural dynamics during grasping},
	volume = {117},
	number = {50},
	pages = {32124--32135},
	year = {2020},
	doi = {10.1073/pnas.2005087117},
	publisher = {National Academy of Sciences},
	issn = {0027-8424},
	URL = {https://www.pnas.org/content/117/50/32124},
	eprint = {https://www.pnas.org/content/117/50/32124.full.pdf},
	journal = {Proceedings of the National Academy of Sciences}
}
